@book{Gacek,
	Address = {Leiden},
	Author = {Adam Gacek},
	Publisher = {BRILL},
	Title = {Arabic Manuscripts: A Vademecum for Readers},
	Series = {Handbook of Oriental Studies. Section 1 The Near and Middle East},
	Year = {2009}}

@book{Lenepveu_Hotz,
    Author = {Agnès Lenepveu-Hotz},
    Title = {L’évolution du système verbal persan (Xe--XVIe siècle)},
    Publisher = {Peeters Publishers},
    Address = {Leuven},
    Series = {Collection linguistique de la Société de linguistique de Paris},
    Number = {100},
    Year = {2012}}

@book{MisraTD,
	Author = {Anuj Misra},
	Title = {Sanskrit Astronomy from Persian: the methods of `true declination' \Nityananda's \Sarvasiddhantaraja\ (1639 \ce)},
	Pubstate = {\autocap{F}orthcoming}}	

@phdthesis{Misrathesis,
	Address = {Christchurch, New Zealand},
	Author = {Anuj Misra},
	School = {University of Canterbury},
	Title = {The \Goladhyaya\ of \Nityananda's \Sarvasiddhantaraja: An Examination of `The Chapter on Spheres' in a seventeenth century text on Mathematical Astronomy},
	Year = {2016}}		

@book{VacaspatyamVI,
    Author = {Tārānātha Tarkavācaspati Bhaṭṭācārya},
    Title = {Vācaspatyam},
    Publisher = {Chowkhamba Sanskrit Series Office},
    Address = {Varanasi},
    Series = {The Chowkhamba Sanskrit Series},
    Number = {94},
    Volume= {VI},
    Year = {1962}}	

@book{Whitney,
    Author = {William Dwight Whitney},
    Title = {A Sanskrit grammar, including both the classical language, and the older dialects, of Veda and Brahmana},
    Publisher = {Breitkhof and Härtel},
    Address = {Leipzig},
    Series = {Bibliothek Indogermanische Grammatiken},
    Number = {2},
    Year = {1879}}	

 @article{Dorce,
	Author = {Carlos Dorce},
	Journal = {Suhayl},
	Pages = {193--212},
	Title = {The \Tajalazyaj\ of \alMaghribi\ (d.\thinspace 1283): methods of computation},
	Volume = {3},
	Year = {2002--2003}}
	
@incollection{HamadanialTusi,
	Address = {Cambridge},
	Author = {Javad Hamadani-Zadeh},
	Booktitle = {History of Oriental Astronomy},
	Editor = {G.\thinspace  Swarup \textit{et al}},
	Pages = {185--189},
	Publisher = {Cambridge University Press},
	Series = {Access  International Astronomical Union Colloquium},
    Title = {Nāṣīr Ad-Dīn on Determination of the Declination Function},
	Volume = {91},
	Year = {1987}}	

@book{DvivediGanakaTarangini,
    Author = {Sudhakara Dvivedi},
    Title = {Ganaka Tarangini or the Lives of Hindu Astronomers},
    Publisher = {B K Shastri (Jyotish Prakash Press)},
    Address = {Benaras},
    Year = {1933}}

@article{PingreeIslamAstSkt,
	Author = {David Pingree},
	Journal = {Journal for the History of Arabic Science},
	Pages = {315--330},
	Title = {Islamic Astronomy in Sanskrit},
	Volume = {2},
	Year = {1978}}

@incollection{PingreeIndianReception,
  Address = {Leiden},
  Author = {David Pingree},
  Booktitle = {Tradition, Transmission, Transformation: Proceedings of Two Conferences
	on Premodern Science Held at the University of Oklahoma},
  Editor = {F.\thinspace Jamil Ragep, Sally P.\thinspace Ragep, and Steven Livesey},
  Pages = {471--85},
  Publisher = {Brill},
  Title = {Indian Reception of Muslim Versions of Ptolemaic Astronomy},
  Year = {1996}}

@article{Ansaritransmission,
  Author =	{S.\thinspace M.\thinspace Razaullah Ansari},
  Title =	{On the transmission of Arabic-Islamic astronomy to medieval India},
  Journal =	{Archives Internationales d'Histoire des Sciences},
  Year =	{1995},
  Volume =	{45},
  Number =	{135},
  Pages =	{273--297}}		 

@article{Ansarisurvey,
	Author = {S.\thinspace M.\thinspace Razaullah Ansari},
	Journal = {Indian Journal of History of Science},
	Pages = {573--601},
	Title = {Survey of \textit{Z\={i}jes} written in the Sub-continent},
	Volume = {50},
	Number = {4},
	Year = {2015}}	

@article{Ansarihindu,
  Author =	{S.\thinspace M.\thinspace Razaullah Ansari},
  Title =	{Hindu's scientific contributions in Indo-Persian},
  Journal = {Indian Journal of the History of Science},
  Year =	{2005},
  Volume =	{40},
  Number =	{2},
  Pages =	{205--221}}	

@article{Ghori,
   Author = {S.\thinspace A.\thinspace Khan Ghori},
   Title = {Development of \zij\ literature in India},
   Journal = {Indian Journal of the History of Science},
   Year = {1985},
   Volume = {20},
   Pages = {21--48}}

@book{KusubaPingree,
	Address = {Leiden},
	Title = {Arabic astronomy in Sanskrit: Al-Birjandī on Tadhkira II , Chapter 11 and its Sanskrit translation},
	Year = {2001},
	Author = {Takanori Kusuba and David Pingree},
	Publisher = {Brill}}

@book{AnupSanskritLibrary,
	Address = {Bikaner},
	Title = {Catalogue of the Anup Sanskrit Library},
	Year = {1993},
	Author = {C.\thinspace Kunhan Raja and Madhav Krishna Sarma},
	Publisher = {Maharaja Ganga Singh Ji Trust}}
	
 @article{Ohasi,
   Author = {Yukio Ôhashi},
   Title = {Introduction of Persian Astronomy into India},
   Journal = {\textit{T\={a}r\={i}\underline{kh}-e \AynCapI{Elm}}: Iranian Journal for the History of Science},
   Year = {2008},
   Volume = {6},
   Pages = {49--74}}

@book{Truschke,
	Address = {New Delhi},
	Author = {Audrey Truschke},
	Publisher = {Penguin Books Limited},
	Title = {Culture of Encounters: Sanskrit at the Mughal Court},
	Year = {2016}}
	
@article{Truschkepersiansanskritlexica,
	Author = {Audrey Truschke},
	Journal = {Journal of the Indian Philosophy},
	Pages = {635--668},
	Title = {Defining the Other: An Intellectual History of Sanskrit Lexicons and Grammars of Persian},
	Volume = {40},
	Year = {2012}}

@article{Truschkecontested,
	Author = {Audrey Truschke},
	Journal = {Journal of the Economic and Social History of the Orient},
	Pages = {419--452},
	Title = {Contested History: Brahmanical Memories of Relations with the Mughals},
	Volume = {58},
	Year = {2015}}


@article{Minkowski,
	Author = {Christopher Minkowski},
	Journal = {Journal of Indian Philosophy},
	Pages = {95--514},
	Title = {Astronomers and Their Reasons: Working Paper on \Jyotihsastra},
	Volume = {30},
	Number = {5},
	Year = {2002}}
	
@article{MinkowskiSuryadasa,
    Author = {Christopher Minkowski},
    Journal = {Journal of the American Oriental Society},
    Number = {2},
    Pages = {325--333},
    Title = {On Sūryadāsa and the Invention of Bidirectional Poetry (vilomakāvya)},
    Volume = {124},
    Year = {2004}}
	

@incollection{Minkowskilearnedbrahmin,
  Address = {New Delhi},
  Author = {Christopher Minkowski},
  Booktitle = {Religious Interactions in Mughal India},
  Editor = {Vasudha Dalmia and Munis D.\thinspace Faruqui},
  Pages = {102--134},
  Publisher = {Oxford University Press},
  Title = {Learned Brahmins and the Mughal Court: The \textit{Jyotiṣas}},
  Year = {2014}}

@article{Anooshahr,
	Author = {Ali Anooshahr},
	Journal = {The Indian Economic and Social History Review},
	Pages = {295--316},
	Title = {Science at the court of the cosmocrat: Mughal India, 1531--56},
	Volume = {54},
	Number = {3},
	Year = {2017}}

@incollection{PingreeSSR,
  Address = {Cambridge, Massachusetts},
  Author = {David Pingree},
  Booktitle = {The Enterprise of Science in Islam: New Perspectives},
  Editor = {J.\thinspace P. Hogendijk and \AynCap{Abd} al-\d{H}amīd \d{S}abrah},
  Pages = {269--284},
  Series = {Dibner Institute studies in the history of science and technology},
  Publisher = {MIT Press},
  Title = {The \Sarvasiddhantaraja\ of \Nityananda},
  Year = {2003}}	
 
 @article{MonetelleSine1,
	Author = {Clemency Montelle and K. Ramasubramanian and J Dhammaloka},
	Journal = {SCIAMVS},
	Pages = {1--53},
	Title = {Computation of Sines in \Nityananda's \Sarvasiddhantaraja},
	Volume = {17},
	Year = {2016}}	
	
@article{MonetelleSine2,
	Author = {Clemency Montelle and K. Ramasubramanian},
	Journal = {SCIAMVS},
	Pages = {1--52},
	Title = {Determining the Sine of One Degree in the \Sarvasiddhantaraja\ of \Nityananda},
	Volume = {19},
	Year = {2018}}  

@book{SAT_Montelle_Plofker,
	Address = {Cham, Switzerland},
	Author = {Clemency Montelle and Kim Plofker},
	Publisher = {Springer Nature Switzerland AG},
	Series={Sources and Studies in the History of Mathematics and Physical Sciences},
	Title = {Sanskrit Astronomical Tables}, 
	Year = {2018}}	

@book{Sufi,
	Address = {Lahore (Punjab), India},
	Author = {G.\thinspace M.\thinspace D. Sufi},
	Publisher = {Shaikh Muhammad Ashraf, Printed by Mirza Muhammad Sadiq},
	Title = {Al-Minh\={a}j: Being The Evolution Of Curriculum In The Muslim Educational Institutions Of India}, 
	Year = {1941}}	

 @article{Seyller,
	Author = {John Seyller},
	Journal = {Artibus Asiae},
	Pages = {243--349},
	Title = {The Inspection and Valuation of Manuscripts in the Imperial Mughal Library},
	Volume = {57},
	Number = {3/4},
	Year = {1997}}	
	
@book{RosenfeldandIhsanoglu,
	Address = {Istanbul},
	Author = {B.\thinspace A. Rosenfeld and E.\thinspace  İhsanoğlu},
	Publisher = {Research Centre for Islamic History, Art and Culture},
	Title = {Mathematicians, Astronomers and Other Scholars of Islamic Civilisation and their Works (7th--19th c.)}, 
	Year = {2003}}
	
@article{KingSamso,
	Author = {David King and Julio Samsó and Bernard R. Goldstein},
	Journal = {Suhayl},
	Pages = {9--105},
	Title = {Astronomical Handbooks and Tables from the Islamic World (750--1900): an Interim Report},
	Volume = {2},
	Year = {2001}}
	
@article{Kennedysurvey,
	Author = {E.\thinspace  S. Kennedy},
	Journal = {Transactions of the American Philosophical Society},
	Pages = {123--177},
	Title = {A Survey of Islamic Astronomical Tables},
	Volume = {46},
	Number = {2},
	Year = {1956}}	

@book{PingreeCESS,
	Address = {Philadelphia},
	Author = {David Pingree},
	Publisher = {American Philosophical Society},
	Series = {Series A},
	Title = {Census of the Exact Sciences in Sanskrit},
	Volumes = {5},
	Year = {1970--94}}
	
@book{PingreeJaipur,
	Address = {Philadelphia},
	Author = {David Pingree},
	Publisher = {American Philosophical Society},
	Title = {A Descriptive Catalogue of the Sanskrit Astronomical Manuscripts Preserved at the Maharaja Man Singh II Museum in Jaipur, India}, 
	Year = {2003}}

@article{Chann,
	Author = {Naindeep Singh Chann},
	Journal = {Iran \& the Caucasus},
	Pages = {93--110},
	Title = {Lord of the Auspicious Conjunction: Origins of the Ṣāḥib-Qirān},
	Volume = {13},
	Number = {1},
	Year = {2009}}	
	
@book{STMI,
	Address = {New Delhi},
	Author = {A. Rahman and M.\thinspace A. Alvi and S.\thinspace .A. Ghori and K.\thinspace V. Samba Murthy},
	Publisher = {Indian National Science Academy},
	Title = {Science and technology in medieval India: A bibliography of source materials in Sanskrit, Arabic, and Persian}, 
	Year = {1982}}	

@book{Rieu,
	Address = {London},
	Author = {Charles Rieu},
	Publisher = {British Museum, Printed by Longmans \& Company},
	Title = {Catalogue of the Persian manuscripts in the British Museum}, 
	Volume = {II},
	Year = {1881}}		
	
@book{Beeston,
    Author = {A.\thinspace F.\thinspace L. Beeston},
    Title = {Catalogue of the Persian, Turkish, Hindustani, and Pushtu Manuscripts in the Bodleian Library. Part III Additional Persian Manuscripts},
    Publisher = {Clarendon Press},
    Address = {Oxford},
    Year = {1954}}
    
@incollection{Elliot,
    Author = {H.\thinspace M. Elliot},
    Booktitle = {The History of India, as Told by Its Own Historians: The Muhammadan Period},
    Editor={John Dowson},
    Publisher = {Cambridge University Press},
    Series={Cambridge Library Collection},
    Address = {Cambridge},
    Pubstate={\autocap{R}eprint},
    Volume={7},
    Year = {2013}}    

@book{Trivedi,
    Editor = {Kamalâśaṅkara Prâṇaśakara Trivedî},
    Title = {The Rekhâgaṇita or Geometry in Sanskrit composed by Samrâḍ Jaga\-nnâtha},
    Publisher = {Government Central Book Depot},
    Address = {Bombay},
    Series = {Bombay Sanskrit Series \textnumero\ LXII},
    Volumes = {2},
    Year = {1902}}	

@book{BhattacaryaHayata,
    Editor = {Vibhūti Bhūṣaṇa Bhaṭṭā\-cārya},
    Title = {Hayata},
    Publisher = {Varanaseya Sanskrit Vishvavidyalaya},
    Address = {Varanasi},
    Series = {Sarsvatī Bhavana Granthamālā Vol.\@ 96},
    Year = {1967}}	    

@book{SharmaSamratSiddhanta,
    Editor = {Ram Swarup Sharma},
    Title = {Samrād Jagannātha viracita Samrāṭ Siddhānta \linebreak(Siddhānta-Sāra-Kaustubha). With Various Readings on the Basis of Different Mss},
    Publisher = {Indian Institute of Astronomical and Sanskrit Research},
    Address = {New Delhi},
    Volumes = {2},
    Year = {1967}}	    

@book{BhattacaryaUkara,
    Editor = {Vibhūti Bhūṣaṇa Bhaṭṭā\-cārya},
    Title = {Ukarā by Sāwajūsayūsa},
    Publisher = {Varanaseya Sanskrit Vishvavidyalaya},
    Address = {Varanasi},
    Series = {Sarsvatī Bhavana Granthamālā Vol.\@ 104},
    Year = {1978}}   
    
@book{BhattacaryaYantrarajavicara,
    Editor = {Vibhūti Bhūṣaṇa Bhaṭṭā\-cārya},
    Title = {Yantrarājavicāravimśādhyāyī},
    Publisher = {Varanaseya Sanskrit Vishvavidyalaya},
    Address = {Varanasi},
    Series = {Sarsvatī Bhavana Granthamālā Vol.\@ 108},
    Year = {1979}}      
 
@article{SarmaAstrolabeinSanskrit,
	Author = {Sreeramula Rajeswara Sarma},
	Journal = {Indian Journal of History of Science},
	Pages = {145--158},
	Title = {Yantrarāja: The Astrolabe in Sanskrit},
	Volume = {34},
	Number = {2},
	Year = {1999}}    

@book{Raikva,
	Address = {Bombay},
	Editor = {K.\thinspace K. Raikva},
	Publisher = {Nirnay Sagar Press},
	Title = {The \Yantraraja\ of \MahendraSuri, together with the commentary of \MalayenduSuri\ and the \Yantrasiromani\ of \Visrama}, 
	Year = {1936}}

@book{Chaturvedi,
	Address = {Varanasi},
	Editor = {Murali Dhara Chaturvedi},
	Publisher = {Sampurnanand Sanskrit University},
	Title = {\Siddhantasiromani\ of \Bhaskaracarya\ with his auto-commentary \Vasanabhasya\ and \Varttika\ of \NrsimhaDaivajna},
	Series={Library Rare Text Publication Series \textnumero\ 5},
	Year = {1981}}	

 @article{SharmaSawaiJaiSingh,
	Author = {Virendra Nath Sharma},
	Journal = {Indian Journal of History of Science},
	Pages = {131--155},
	Title = {Sawai Jai Singh's Hindu Astronomers},
	Volume = {28},
	Number = {2},
	Year = {1993}}		

@article{SarmaJaiSinghSanskrit,
	Author = {Sreeramula Rajeswara Sarma},
	Journal = {Sri Venkateswara University Oriental Journal},
	Pages = {67--87},
	Title = {Translation of Scientific Texts into Sanskrit under Sawai Jai Singh},
	Volume = {41},
	Year = {1998}} 		


@incollection{Haider,
    Author = {Najaf Haider},
    Title={Translating Texts and Straddling Worlds: Intercultural Communication in Mughal India},
    Booktitle = {The Varied Facets of History: Essays in Honour of Aniruddha Ray},
    Editor={Ishrat Alam and Syed Ejaz Hussain},
    Publisher = {Primus Books},
    Address = {New Delhi},
    Pages={115--124},
    Year = {2011}}  	
	
@book{Rizvi,
	Address = {New Delhi},
	Editor = {Saiyid Athar Abbas Rizvi},
	Publisher = {Munshiram Manoharlal Publishers},
	Title = {Religious and Intellectual History of the Muslims in Akbar's Reign, with special reference to Abu\Alif Fazl (1556--1605)},
	Year = {1975}}

@book{BlochmannAiniAkbari,
	Address = {New Delhi},
	Editor = {D.\thinspace C. Phillott},
	Publisher = {Oriental Books Reprint Corporation},
	Title = {The \AiniAkbari\ by \AbulFadlAllami. Translated from the Original Persian by H.\@  Blochmann},
	Volume={1},
	Edition={3},
	Year = {1977}}

@incollection{Sarmajyotisaraja,
    Author = {Sreeramula Rajeswara Sarma},
    Title={Jyotiṣarāja at the Mughal Court},
    Booktitle = {Studies on Indian Culture, Science, and Literature: Being Prof.\@ K.\@ V.\@ Sarma Felicitation Volume Presented to Him on His 81st Birthday},
    Editor={N. Gangadharan and S.\thinspace A.\thinspace S Sarma and S.\thinspace S.\thinspace R. Sarma},
    Publisher = {Sree Sarada Education Society Research Centre},
    Address = {Chennai},
    Pages={363--372},
    Year = {2000}}  

@incollection{PingreeJyotihsastra,
	Address = {Wiesbaden},
	Author= {David Pingree},
	Editor = {Jan Gonda},
	Publisher = {Otto Harrassowitz},
	Booktitle = {A History of Indian Literature},
	Title = {\Jyotihsastra\ Astral and Mathematical Literature},
	Volume={VI. Fasc.\@ 4},
	Pages = {1--149},
	Year = {1991}}    

@book{Hodivala,
	Address = {Bombay},
	Author = {Shāhpūrshāh Hormasjī Hodīvālā},
	Publisher = {Popular Book Depot},
	Title = {Studies In Indo-Muslim History. A Critical Commentary on Elliot and Dowson's History of India, as Told by Its Own Historians},
	Year = {1939}}	
	
@book{Lowe,
	Address = {Calcutta},
	Author = {W.\thinspace H. Lowe},
	Publisher = {J.\thinspace W. Baptist Mission Press},
	Title = {Muntakhab-ut-tawáríkh by Abd-ul-Qádir bin Malúk Sháh known as Al-Badáóní. Translated from the Original Persian and Edited},
	Volume={II},
	Series={Bibliotheca Indica Series},
	Year = {1884}}		

@book{Lees,
	Address = {Calcutta},
	Editor = {W.\thinspace N. Lees and Munshi Ahmed Ali},
	Publisher = {College Press},
	Title = {The Muntakhab al-Tawáríkh of Abd al-Qádir Bin-I Malúk Sháh Al-Badáóní},
	Volume={II},
	Series={Bibliotheca Indica Series},
	Year = {1865}}

@article{Gansten,
	Author = {Martin Gansten},
	Journal = {Journal of South Asian Intellectual History},
	Pages = {79--132},
	Title = {Samarasiṃha and the Early Transmission of Tājika Astrology},
	Volume = {1},
	Number = {1},
	Year = {2019}} 		
	
@Unpublished{SarmaSanskritmanuals,
	Author = {Sreeramula Rajeswara Sarma},
	Note = {11 pages},
	Title = {Teach Yourself Persian the Sanskrit Way. A Survey of Sanskrit Manuals for Learning Persian, AD 1364--1764},
	url = {http://www.srsarma.in/pdf/articles/1995_Teach_Yourself_Persian.pdf},
	Pubstate = {\autocap{U}npublished},
	Year={1995}} 		

@incollection{SarmaSanskritPersianLexica,
	Address = {Rome},
	Author= {Sreeramula Rajeswara Sarma},
	Editor = {Gherardo Gnoli and Antonio Panaino},
	Publisher = {Istituti Italiano Per l'Africa E l'Oriente},
	Booktitle = {KAYD. Studies in History of Mathematics, Astronomy and Astrology in Memory of David Pingree},
	Title = {Persian-Sanskrit Lexica and the Dissemination of Islamic Astronomy and Astrology in India},
	Series={Serie Orientale Roma CII},
	Pages = {129--159},
	Year = {2009}}    

@incollection{PingreeAstralOmens,
	Address = {Roma},
	Author= {David Pingree},
	Publisher = {Istituti Italiano Per l'Africa E l'Oriente},
	Booktitle = {From Astral Omens to Astrology: From Babylon to Bīkāner},
	Title = {Chapter 7 \textit{Tājika}: Persian Astrology in Sanskrit},
    Series={Serie Orientale},
	Pages = {79--90},
	Year = {1997}} 

@incollection{AlamPersian2003,
	Address = {Berkeley},
	Author= {Muzaffar Alam},
	Editor={Sheldon Pollock},
	Publisher = {University of California Press},
	Booktitle = {Literary Cultures in History: Reconstructions from South Asia},
	Title = {Chapter 2. The Culture and Politics of Persian in Precolonial Hindustan},
	Pages = {131--198},
	Year = {2003}} 	

@article{AlamPersian1998,
	Author = {Muzaffar Alam},
	Journal = {Modern Asian Studies},
	Pages = {317--349},
	Title = {The Pursuit of Persian: Language in Mughal Politics},
	Volume = {32},
	Number = {2},
	Year = {1998}}


@article{MinkowskiSuryadas,
	Author = {Christopher Minkowski},
	Journal = {Journal of the American Oriental Society},
	Pages = {325--333},
	Title = {On \Suryadasa\ and the Invention of Bidirectional Poetry (\textit{vilomakāvya})},
	Volume = {124},
	Number = {2},
	Year = {2004}}	
	
@article{Gallien,
	Author = {Claire Gallien},
	Journal = {Translation Studies},
	Pages = {1--17},
	Title = {From one empire to the next: The reconfigurations of ``Indian" literatures from Persian to English translations},
	Doi={10.1080/14781700.2019.1678069},
	Year = {2019}}

@book{Behl2012,
    Address={New York},
    Title={Love's Subtle Magic: An Indian Islamic Literary Tradition, 1379--1545},
    Author={Aditya {Behl (auth.)} and Wendy {Doniger (ed.)}},
    Year={2012},
    Publisher={Oxford University Press}}
    
@incollection{Imre,
	Address = {Hyderabad},
	Author= {Imre Bangha},
	Editor={Francesca Orsini},
	Publisher = {Orient Blackswan},
	Booktitle = {Before the Divide: Hindi and Urdu Literary Culture},
	Title = {Chapter 2. Rekhta: Poetry in Mixed Languages: The Emergence of Khari Boli Literature in North India},
	Pages = {21--83},
	Year = {2011}} 	    

 @article{Busch,
	Author = {Allison Busch},
	Journal = {Modern Asian Studies},
	Pages = {267--309},
	Title = {Hidden in Plain View: Brajbhasha Poets at the Mughal Court},
	Volume = {44},
	Number={2},
	Year = {2010}}		

@article{PlofkerAstrolabe,
	Author = {Kim Plofker},
	Journal = {Journal for the History of Astronomy},
	Pages = {37--54},
	Title = {The Astrolabe and Spherical Trigonometry in Medieval India},
	Volume = {xxxi},
	Year = {2000}}	

@book{Ziauddin,
	Address = {Calcutta},
	Author = {M. Ziauddin},
	Publisher = {Kishorimohan Santra (Visva-Bharati Bookshop)},
	Title = {A Grammar of the Braj Bhākhā by Mīrzā \b{Kh}ān (1676 A.D.) The Persian text critically edited from original MSS., with an Introduction, Translation and Notes, together with the contents of the Tuḥfatu-l-Hind},
	Series={Visva-Bharati Series \textnumero\ 3},
	Year = {1935}}	

@online{PersoIndica,
    Editor={Fabrizio Speziale and Carl W. Ernst},
    Title={\textit{Perso-Indica} An Analytical Survey of Persian Works on Indian Learned Traditions},
    Year={2010--current},
    Note={Online peer-reviewed publication (ISSN 2267-2753).},
    Url={http://www.perso-indica.net}}

@incollection{Ansaribhaskara,
    Author = {S.\thinspace M.\thinspace Razaullah Ansari},
    Title={Persian translations of Bhāskara's Sanskrit texts and their impact in the following centuries},
    Booktitle = {Bhāskara-Prabhā},
    Series={Sources and Studies in the History of Mathematics and Physical Sciences},
    Editor={K. Ramasubramanian and Takao Hayashi and Clemency Montelle},
    Publisher = {Hindustan Book Agency},
    Address = {New Delhi},
    Pages={377--391},
    Year = {2019}}  

@article{PollockDeathofSanskrit,
	Author = {Sheldon Pollock},
	Journal = {Society for Comparative Study of Society and History},
	Title = {The Death of Sanskrit},
	Volume = {43},
	Number={2},
	Pages = {392--426},
	Year = {2001}}    

@book{PetersonCatalogue,
    Address={Bombay},
    Title={Catalogue of the Sanskrit manuscripts in the Library of His Highness The Maharaja of Ulwar},
    Author={Peter Peterson},
    Year={1892},
    Publisher={Maharaja of Ulwar}}	

@book{AllisonHindiPoetry,
    Title={Poetry of Kings: The Classical Hindi Literature of Mughal India},
    Author={Allison Busch},
    Year={2011},
    Series={South Asia Research},
    Doi={10.1093/acprof:oso/9780199765928.001.0001},
    Publisher={Oxford University Press (Oxford Online Scholarship)}}	     

@book{Choudhuri,
	Address = {New Delhi},
	Editor = {Jatindra Bimal Choudhuri},
	Publisher = {Idarah-I Adabiyat-I Delli},
	Title = {Muslim Patronage of Sanskritic Learning},
	Volume={I},
	Series={IAD Oriental (Reprint) Series \textnumero\ 51},
	Year = {2009}}    

@article{Orsini,
	Author = {Francesca Orsini},
	Journal = {The Indian Economic \& Social History Review},
	Pages = {225--246},
	Title = {How to do multilingual literary history? Lessons from fifteenth- and sixteenth-century north India},
	Volume = {49},
	Number={2},
	Year = {2012}}

@book{Dodson,
	Address = {New York},
	Author = {Michael S. Dodson},
	Publisher = {Palgrave Macmillan},
	Title = {Orientalism, Empire, and National Culture India, 1770--1880},
	Series={Cambridge Imperial and Post-Colonial Studies Series},
	Year = {2007}} 
	
@article{Dodsontranslation,
	Author = {Michael S. Dodson},
	Journal = {Comparative Studies in Society and History},
	Pages = {809--835},
	Title = {Translating Science, Translating Empire: The Power of Language in Colonial North India},
	Volume = {47},
	Number={4},
	Year = {2005}}

@phdthesis{Johnson_Roehr,
	Address = {Urbana, Illinois},
	Author = {Susan N. {Johnson-Roehr}},
	School = {University of Illinois at Urbana-Champaign},
	Title = {The Spatialization of Knowledge and Power at the Astronomical Observatories of Sawai Jai Singh II, \circa 1721-1743 \ce},
	Year = {2011}}	

@book{Kinra,
	Address = {Oakland, California},
	Author = {Rajeev Kinra},
	Publisher = {University of California Press},
	Title = {Writing Self, Writing Empire: Chandar Bhan Brahman and the Cultural World of the Indo–Persian State Secretary},
	Series={South Asia Across the Disciplines},
	Year = {2015}} 	


@book{AlamSubramanyam,
	Address = {New York},
	Author = {Muzaffar Alam and Sanjay Subrahmanyam},
	Publisher = {Columbia University Press},
	Title = {Writing the Mughal World: Studies on Culture and Politics},
	Series={South Asia Across the Disciplines},
	Year = {2012}} 		

@proceedings{Ansarimodernastronomy,
    Author = {S.\thinspace M.\thinspace Razaullah Ansari},
    Title={Modern Astronomy in Indo-Persian Sources},
    Booktitle = {Highlights of Astronomy Volume 11B: As Presented at the XXIIIrd General Assembly of the IAU, 1997},
    Series={International Astronomical Union},
    Editor={Johannes Anderson},
    Publisher = {Springer Science \& Business Media},
    Address = {Dordrecht},
    Pages={730--731},
    Year = {1998}}  	

@proceedings{PingreeLaHireSanskrit,
    Author = {David Pingree},
    Title={The \Drkpaksasarani: A Sanskrit Version of De La Hire's \textit{Tabulae Astronomicae}},
    Booktitle = {Highlights of Astronomy Volume 11B: As Presented at the XXIIIrd General Assembly of the IAU, 1997},
    Series={International Astronomical Union},
    Editor={Johannes Anderson},
    Publisher = {Springer Science \& Business Media},
    Address = {Dordrecht},
    Pages={729},
    Year = {1998}} 

@article{PingreeAstronomersprogress,
    Author = {David Pingree},
    Journal = {Proceedings of the American Philosophical Society},
    Pages = {73--85},
    Title = {An Astronomer's Progress},
    Volume = {143},
    Number={1},
    Year = {1999}}
  
@book{Ganstenhayanaratna,
	Address = {Leiden},
	Author = {Martin Gansten},
	Publisher = {BRILL},
	Title = {The Jewel of Annual Astrology: A Parallel Sanskrit-English Critical Edition of Balabhadra’s Hāyanaratna},
	Series={Sir Henry Wellcome Asian Series},
	Volume = {19},
	Pubstate = {\autocap{F}orthcoming},
	Year = {2020}}  
	
@book{Nair,
  Title={Translating Wisdom: Hindu-Muslim Intellectual Interactions in Early Modern South Asia},
  Author={Shankar Nair},
  Year={2020},
  Publisher={University of California Press},
  Address={Oakland, California}
} 	

@article{BronnerShulman,
	Author = {Yigal Bronner and David Shulman},
	Journal = {The Indian Economic and Social History Review},
	Doi = {1--30},
	Title = {`A Cloud Turned Goose': Sanskrit in the vernacular millennium},
	Volume = {43},
	Number = {1},
	Year = {2006}}  

@incollection{Raina,
	Author = {Dhruv Raina},
	Booktitle = {Looking at it from Asia: the Processes that Shaped the Sources of History of Science},
	Series = {Boston Studies in the Philosophy of Science Volume 265},
	Address= {Dordrecht},
	Editor = {Florence {Bretelle-Establet}},
	Pages = {115--140},
	Publisher = {Springer Netherlands},
	Title = {The French Jesuit Manuscripts on Indian Astronomy: The Narratology and Mystery Surrounding a Late Seventeenth – Early Eighteenth Century Project},
	Year = {2010}}

@incollection{Lefevre,
    Author = {Corinne Lefèvre},
    Title={Jyotiṣarāja at the Mughal Court},
    Booktitle = {Culture and Circulation: Literature in Motion in Early Modern India},
    Editor={Thomas {de Bruijn} and Allison Busch},
    Publisher = {BRILL},
    Address = {Leiden},
    Series = {Brill's Indological Library},
    Pages={75--106},
    Year = {2014}}  


@proceedings{PingreeLaHireJaysimha,
    Editor = {S.\thinspace M.\thinspace Razaullah Ansari},
    Title={Philippe de La Hire at the Court of Jayasiṃha},
    Booktitle = {History of Oriental Astronomy: Proceedings of the Joint Discussion-17 at the
    23\textsuperscript{rd} General Assembly of the International Astronomical Union, organised by the Commission 41 (History of Astronomy), held in Kyoto, August 25--26, 1997},
    Series={Astrophysics and Space Science Library Volume 274},
    Author={David Pingree},
    Publisher = {Springer Science \& Business Media},
    Address = {Dordrecht},
    Pages={123--131},
    Year = {2002}}  

@incollection{Ansarimedievalindia,
	Address = {Dordrech},
	Author = {S.\thinspace M.\thinspace Razaullah Ansari},
	Booktitle = {Encyclopaedia of the History of Science, Technology, and Medicine in Non-Western Cultures},
	Editor = {Helaine Selin},
	Pages = {717--726},
	Publisher = {Springer Netherlands},
	Title = {Astronomy in Medieval India},
	Year = {2016}}

@article{Pourjavady,
	Author = {Reza Pourjavady},
	Journal = {Oriens},
	Doi = {292--322},
	Title = {Muṣliḥ al-Dīn al-Lārī and His Samples of the Sciences},
	Volume = {42},
	Year = {2014}}  
	
@online{EIslam,
    Editor = {Kate Fleet and Gudrun Krämer and Denis Matringe and John Nawas and Everett Rowson},
    Title = {Encyclopaedia of Islam, THREE},
    Year = {2007--current},
    Note={Brill Online reference.},
    Url ={https://referenceworks.brillonline.com/pages/help/transliteration-islam}}
	
@article{Dressleretal,
    Author = {Markus Dressler and Armando Salvatore and Monika Wohlrab-Sahr},
    Journal = {Historical Social Research / Historische Sozialforschung},
    Number = {3(169)},
    Pages = {7--34},
    Publisher = {GESIS--Leibniz Institute for the Social Sciences},
    Title = {Islamicate Secularities: New Perspectives on a Contested Concept},
    Volume = {44},
    Year = {2019}}

@Book{Eaton2019,
  Title = {India in the Persianate Age, 1000--1765},
  Author = {Richard M. Eaton},
  Year = {2019},
  Publisher = {University of California Press},
  Address = {Berkeley, California}}
 
@incollection{Israel,
  Address = {London},
  Author = {Hephzibah Israel},
  Booktitle = {The Routledge Handbook of Translation and Politics},
  Editor = {Jonathan Evans and Fruela Fernandez},
  Pages = {386--400},
  Publisher = {Routledge},
  Title = {History, language and translation: Claiming the Indian nation},
  Year = {2018}}  